%YAML 1.1
%TAG !u! tag:unity3d.com,2011:
--- !u!1001 &100100000
Prefab:
  serializedVersion: 2
  m_ObjectHideFlags: 1
  m_Modification:
    m_TransformParent: {fileID: 0}
    m_Modifications: []
    m_RemovedComponents: []
  m_ParentPrefab: {fileID: 0}
  m_RootGameObject: {fileID: 1232708840462522}
  m_IsPrefabParent: 1
--- !u!1 &1232708840462522
GameObject:
  serializedVersion: 4
  m_ObjectHideFlags: 0
  m_PrefabParentObject: {fileID: 0}
  m_PrefabInternal: {fileID: 100100000}
  m_Component:
  - 4: {fileID: 4145512068672715}
  - 114: {fileID: 114750966705587573}
  - 114: {fileID: 114343690035507630}
  m_Layer: 0
  m_Name: S_Map02Atlas
  m_TagString: Untagged
  m_Icon: {fileID: 0}
  m_NavMeshLayer: 0
  m_StaticEditorFlags: 0
  m_IsActive: 1
--- !u!4 &4145512068672715
Transform:
  m_ObjectHideFlags: 0
  m_PrefabParentObject: {fileID: 0}
  m_PrefabInternal: {fileID: 100100000}
  m_GameObject: {fileID: 1232708840462522}
  m_LocalRotation: {x: 0, y: 0, z: 0, w: 1}
  m_LocalPosition: {x: 0, y: 0, z: 0}
  m_LocalScale: {x: 1, y: 1, z: 1}
  m_Children: []
  m_Father: {fileID: 0}
  m_RootOrder: 0
--- !u!114 &114750966705587573
MonoBehaviour:
  m_ObjectHideFlags: 0
  m_PrefabParentObject: {fileID: 0}
  m_PrefabInternal: {fileID: 100100000}
  m_GameObject: {fileID: 1232708840462522}
  m_Enabled: 1
  m_EditorHideFlags: 0
  m_Script: {fileID: 11500000, guid: 03f7db9a480b403690a4a83220213122, type: 3}
  m_Name:
  m_EditorClassIdentifier:
  material: {fileID: 2100000, guid: 93a5e2b74efe3014f8a804b4ad5fd88e, type: 2}
  mSprites:
  - name: ac_icon_item00
    x: 214
    y: 1958
    width: 82
    height: 82
    borderLeft: 0
    borderRight: 0
    borderTop: 0
    borderBottom: 0
    paddingLeft: 0
    paddingRight: 0
    paddingTop: 0
    paddingBottom: 0
  - name: ac_icon_item01
    x: 304
    y: 1958
    width: 82
    height: 82
    borderLeft: 0
    borderRight: 0
    borderTop: 0
    borderBottom: 0
    paddingLeft: 0
    paddingRight: 0
    paddingTop: 0
    paddingBottom: 0
  - name: ac_icon_level
    x: 1495
    y: 8
    width: 82
    height: 82
    borderLeft: 0
    borderRight: 0
    borderTop: 0
    borderBottom: 0
    paddingLeft: 0
    paddingRight: 0
    paddingTop: 0
    paddingBottom: 0
  - name: ac_mess_tap
    x: 1585
    y: 8
    width: 80
    height: 80
    borderLeft: 0
    borderRight: 0
    borderTop: 0
    borderBottom: 0
    paddingLeft: 0
    paddingRight: 0
    paddingTop: 0
    paddingBottom: 0
  - name: btn_changemap
    x: 394
    y: 1905
    width: 150
    height: 128
    borderLeft: 0
    borderRight: 0
    borderTop: 0
    borderBottom: 0
    paddingLeft: 0
    paddingRight: 0
    paddingTop: 0
    paddingBottom: 0
  - name: btn_stage_traverse
    x: 1673
    y: 8
    width: 80
    height: 80
    borderLeft: 0
    borderRight: 0
    borderTop: 0
    borderBottom: 0
    paddingLeft: 0
    paddingRight: 0
    paddingTop: 0
    paddingBottom: 0
  - name: normal_map_07
    x: 8
    y: 8
    width: 651
    height: 871
    borderLeft: 0
    borderRight: 0
    borderTop: 0
    borderBottom: 0
    paddingLeft: 0
    paddingRight: 0
    paddingTop: 0
    paddingBottom: 0
  - name: normal_map_08
    x: 8
    y: 887
    width: 651
    height: 871
    borderLeft: 0
    borderRight: 0
    borderTop: 0
    borderBottom: 0
    paddingLeft: 0
    paddingRight: 0
    paddingTop: 0
    paddingBottom: 0
  - name: normal_map_09
    x: 667
    y: 326
    width: 651
    height: 871
    borderLeft: 0
    borderRight: 0
    borderTop: 0
    borderBottom: 0
    paddingLeft: 0
    paddingRight: 0
    paddingTop: 0
    paddingBottom: 0
  - name: obj_barrier
    x: 787
    y: 8
    width: 700
    height: 286
    borderLeft: 0
    borderRight: 0
    borderTop: 0
    borderBottom: 0
    paddingLeft: 0
    paddingRight: 0
    paddingTop: 0
    paddingBottom: 0
  - name: obj_butterfly00
    x: 391
    y: 1766
    width: 170
    height: 131
    borderLeft: 0
    borderRight: 0
    borderTop: 0
    borderBottom: 0
    paddingLeft: 0
    paddingRight: 0
    paddingTop: 0
    paddingBottom: 0
  - name: obj_butterfly01
    x: 552
    y: 1905
    width: 136
    height: 127
    borderLeft: 0
    borderRight: 0
    borderTop: 0
    borderBottom: 0
    paddingLeft: 0
    paddingRight: 0
    paddingTop: 0
    paddingBottom: 0
  - name: obj_butterfly02
    x: 569
    y: 1766
    width: 132
    height: 104
    borderLeft: 0
    borderRight: 0
    borderTop: 0
    borderBottom: 0
    paddingLeft: 0
    paddingRight: 0
    paddingTop: 0
    paddingBottom: 0
  - name: obj_butterflylight00
    x: 709
    y: 258
    width: 50
    height: 60
    borderLeft: 0
    borderRight: 0
    borderTop: 0
    borderBottom: 0
    paddingLeft: 0
    paddingRight: 0
    paddingTop: 0
    paddingBottom: 0
  - name: obj_butterflylight01
    x: 1585
    y: 96
    width: 50
    height: 60
    borderLeft: 0
    borderRight: 0
    borderTop: 0
    borderBottom: 0
    paddingLeft: 0
    paddingRight: 0
    paddingTop: 0
    paddingBottom: 0
  - name: obj_shock00
    x: 8
    y: 1766
    width: 198
    height: 212
    borderLeft: 0
    borderRight: 0
    borderTop: 0
    borderBottom: 0
    paddingLeft: 0
    paddingRight: 0
    paddingTop: 0
    paddingBottom: 0
  - name: obj_shock01
    x: 696
    y: 1878
    width: 83
    height: 101
    borderLeft: 0
    borderRight: 0
    borderTop: 0
    borderBottom: 0
    paddingLeft: 0
    paddingRight: 0
    paddingTop: 0
    paddingBottom: 0
  - name: obj_shock02
    x: 214
    y: 1766
    width: 169
    height: 184
    borderLeft: 0
    borderRight: 0
    borderTop: 0
    borderBottom: 0
    paddingLeft: 0
    paddingRight: 0
    paddingTop: 0
    paddingBottom: 0
  - name: obj_starshine
    x: 8
    y: 1986
    width: 43
    height: 53
    borderLeft: 0
    borderRight: 0
    borderTop: 0
    borderBottom: 0
    paddingLeft: 0
    paddingRight: 0
    paddingTop: 0
    paddingBottom: 0
  - name: obj_stone00
    x: 1761
    y: 8
    width: 73
    height: 100
    borderLeft: 0
    borderRight: 0
    borderTop: 0
    borderBottom: 0
    paddingLeft: 0
    paddingRight: 0
    paddingTop: 0
    paddingBottom: 0
  - name: obj_stone01
    x: 709
    y: 88
    width: 51
    height: 72
    borderLeft: 0
    borderRight: 0
    borderTop: 0
    borderBottom: 0
    paddingLeft: 0
    paddingRight: 0
    paddingTop: 0
    paddingBottom: 0
  - name: obj_stone02
    x: 709
    y: 8
    width: 59
    height: 72
    borderLeft: 0
    borderRight: 0
    borderTop: 0
    borderBottom: 0
    paddingLeft: 0
    paddingRight: 0
    paddingTop: 0
    paddingBottom: 0
  - name: obj_stone03
    x: 667
    y: 8
    width: 32
    height: 58
    borderLeft: 0
    borderRight: 0
    borderTop: 0
    borderBottom: 0
    paddingLeft: 0
    paddingRight: 0
    paddingTop: 0
    paddingBottom: 0
  - name: obj_stone04
    x: 709
    y: 168
    width: 50
    height: 82
    borderLeft: 0
    borderRight: 0
    borderTop: 0
    borderBottom: 0
    paddingLeft: 0
    paddingRight: 0
    paddingTop: 0
    paddingBottom: 0
  - name: obj_stone05
    x: 1495
    y: 98
    width: 41
    height: 94
    borderLeft: 0
    borderRight: 0
    borderTop: 0
    borderBottom: 0
    paddingLeft: 0
    paddingRight: 0
    paddingTop: 0
    paddingBottom: 0
  - name: obj_stone06
    x: 1689
    y: 96
    width: 35
    height: 68
    borderLeft: 0
    borderRight: 0
    borderTop: 0
    borderBottom: 0
    paddingLeft: 0
    paddingRight: 0
    paddingTop: 0
    paddingBottom: 0
  - name: obj_stone07
    x: 1643
    y: 96
    width: 38
    height: 86
    borderLeft: 0
    borderRight: 0
    borderTop: 0
    borderBottom: 0
    paddingLeft: 0
    paddingRight: 0
    paddingTop: 0
    paddingBottom: 0
  - name: pointer
    x: 59
    y: 2030
    width: 1
    height: 1
    borderLeft: 0
    borderRight: 0
    borderTop: 0
    borderBottom: 0
    paddingLeft: 0
    paddingRight: 0
    paddingTop: 0
    paddingBottom: 0
  - name: star
    x: 59
    y: 1986
    width: 36
    height: 36
    borderLeft: 0
    borderRight: 0
    borderTop: 0
    borderBottom: 0
    paddingLeft: 0
    paddingRight: 0
    paddingTop: 0
    paddingBottom: 0
  mPixelSize: 1
  mReplacement: {fileID: 0}
  mCoordinates: 0
  sprites: []
--- !u!114 &114343690035507630
MonoBehaviour:
  m_ObjectHideFlags: 0
  m_PrefabParentObject: {fileID: 0}
  m_PrefabInternal: {fileID: 100100000}
  m_GameObject: {fileID: 1232708840462522}
  m_Enabled: 1
  m_EditorHideFlags: 0
  m_Script: {fileID: 11500000, guid: ea1ae8f593f67d0f425b86eaea58942f, type: 3}
  m_Name:
  m_EditorClassIdentifier:
