%YAML 1.1
%TAG !u! tag:unity3d.com,2011:
--- !u!1001 &100100000
Prefab:
  serializedVersion: 2
  m_ObjectHideFlags: 1
  m_Modification:
    m_TransformParent: {fileID: 0}
    m_Modifications: []
    m_RemovedComponents: []
  m_ParentPrefab: {fileID: 0}
  m_RootGameObject: {fileID: 1387810580521420}
  m_IsPrefabParent: 1
--- !u!1 &1387810580521420
GameObject:
  serializedVersion: 4
  m_ObjectHideFlags: 0
  m_PrefabParentObject: {fileID: 0}
  m_PrefabInternal: {fileID: 100100000}
  m_Component:
  - 4: {fileID: 4880285108373903}
  - 114: {fileID: 114634586242925873}
  - 114: {fileID: 114489785870683118}
  - 65: {fileID: 65287318597811220}
  - 114: {fileID: 114015432739593559}
  - 114: {fileID: 114478622778066883}
  m_Layer: 0
  m_Name: P_JellyImageButton
  m_TagString: Untagged
  m_Icon: {fileID: 0}
  m_NavMeshLayer: 0
  m_StaticEditorFlags: 0
  m_IsActive: 1
--- !u!4 &4880285108373903
Transform:
  m_ObjectHideFlags: 0
  m_PrefabParentObject: {fileID: 0}
  m_PrefabInternal: {fileID: 100100000}
  m_GameObject: {fileID: 1387810580521420}
  m_LocalRotation: {x: 0, y: 0, z: 0, w: 1}
  m_LocalPosition: {x: 0, y: 0, z: 0}
  m_LocalScale: {x: 1, y: 1, z: 1}
  m_Children: []
  m_Father: {fileID: 0}
  m_RootOrder: 0
--- !u!114 &114634586242925873
MonoBehaviour:
  m_ObjectHideFlags: 0
  m_PrefabParentObject: {fileID: 0}
  m_PrefabInternal: {fileID: 100100000}
  m_GameObject: {fileID: 1387810580521420}
  m_Enabled: 1
  m_EditorHideFlags: 0
  m_Script: {fileID: 11500000, guid: f301dc58c583f4f10f83432f5d383b9f, type: 3}
  m_Name:
  m_EditorClassIdentifier:
  tweenTarget: {fileID: 0}
  hover: {r: 0.88235295, g: 0.78431374, b: 0.5882353, a: 1}
  pressed: {r: 0.7176471, g: 0.6392157, b: 0.48235294, a: 1}
  disabledColor: {r: 0.5, g: 0.5, b: 0.5, a: 1}
  duration: 0.2
  dragHighlight: 0
  hoverSprite:
  pressedSprite:
  disabledSprite:
  hoverSprite2D: {fileID: 0}
  pressedSprite2D: {fileID: 0}
  disabledSprite2D: {fileID: 0}
  pixelSnap: 0
  onClick: []
--- !u!114 &114489785870683118
MonoBehaviour:
  m_ObjectHideFlags: 0
  m_PrefabParentObject: {fileID: 0}
  m_PrefabInternal: {fileID: 100100000}
  m_GameObject: {fileID: 1387810580521420}
  m_Enabled: 1
  m_EditorHideFlags: 0
  m_Script: {fileID: 11500000, guid: 6e06f2b3004ef49fbd246cf009de50d3, type: 3}
  m_Name:
  m_EditorClassIdentifier:
  leftAnchor:
    target: {fileID: 0}
    relative: 0
    absolute: 0
  rightAnchor:
    target: {fileID: 0}
    relative: 1
    absolute: 0
  bottomAnchor:
    target: {fileID: 0}
    relative: 0
    absolute: 0
  topAnchor:
    target: {fileID: 0}
    relative: 1
    absolute: 0
  updateAnchors: 1
  mColor: {r: 1, g: 1, b: 1, a: 1}
  mPivot: 4
  mWidth: 100
  mHeight: 100
  mDepth: 0
  autoResizeBoxCollider: 0
  hideIfOffScreen: 0
  keepAspectRatio: 0
  aspectRatio: 1
  useUV2: 0
  mType: 0
  mFillDirection: 4
  mFillAmount: 1
  mInvert: 0
  mFlip: 0
  centerType: 1
  leftType: 1
  rightType: 1
  bottomType: 1
  topType: 1
  mAtlas: {fileID: 0}
  mSpriteName:
  mFillCenter: 1
--- !u!65 &65287318597811220
BoxCollider:
  serializedVersion: 2
  m_ObjectHideFlags: 0
  m_PrefabParentObject: {fileID: 0}
  m_PrefabInternal: {fileID: 100100000}
  m_GameObject: {fileID: 1387810580521420}
  m_Material: {fileID: 0}
  m_IsTrigger: 0
  m_Enabled: 1
  m_Size: {x: 1, y: 1, z: 1}
  m_Center: {x: 0, y: 0, z: 0}
--- !u!114 &114015432739593559
MonoBehaviour:
  m_ObjectHideFlags: 0
  m_PrefabParentObject: {fileID: 0}
  m_PrefabInternal: {fileID: 100100000}
  m_GameObject: {fileID: 1387810580521420}
  m_Enabled: 1
  m_EditorHideFlags: 0
  m_Script: {fileID: 11500000, guid: e6f58de9af257320ca24d0931caf3ff4, type: 3}
  m_Name:
  m_EditorClassIdentifier:
  onHoverOver: []
  onHoverOut: []
  onPress: []
  onRelease: []
  onSelect: []
  onDeselect: []
  onClick: []
  onDoubleClick: []
  onDragStart: []
  onDragEnd: []
  onDragOver: []
  onDragOut: []
  onDrag: []
--- !u!114 &114478622778066883
MonoBehaviour:
  m_ObjectHideFlags: 0
  m_PrefabParentObject: {fileID: 0}
  m_PrefabInternal: {fileID: 100100000}
  m_GameObject: {fileID: 1387810580521420}
  m_Enabled: 1
  m_EditorHideFlags: 0
  m_Script: {fileID: 11500000, guid: 81ca4e8977b2205fdc62c9a986aa8f23, type: 3}
  m_Name:
  m_EditorClassIdentifier:
  mButton: {fileID: 0}
