%YAML 1.1
%TAG !u! tag:unity3d.com,2011:
--- !u!1001 &100100000
Prefab:
  serializedVersion: 2
  m_ObjectHideFlags: 1
  m_Modification:
    m_TransformParent: {fileID: 0}
    m_Modifications: []
    m_RemovedComponents: []
  m_ParentPrefab: {fileID: 0}
  m_RootGameObject: {fileID: 1717174289941474}
  m_IsPrefabParent: 1
--- !u!1 &1717174289941474
GameObject:
  serializedVersion: 4
  m_ObjectHideFlags: 0
  m_PrefabParentObject: {fileID: 0}
  m_PrefabInternal: {fileID: 100100000}
  m_Component:
  - 4: {fileID: 4485211523565914}
  - 114: {fileID: 114745466488949743}
  - 114: {fileID: 114138818438560980}
  m_Layer: 0
  m_Name: Story191Atlas
  m_TagString: Untagged
  m_Icon: {fileID: 0}
  m_NavMeshLayer: 0
  m_StaticEditorFlags: 0
  m_IsActive: 1
--- !u!4 &4485211523565914
Transform:
  m_ObjectHideFlags: 0
  m_PrefabParentObject: {fileID: 0}
  m_PrefabInternal: {fileID: 100100000}
  m_GameObject: {fileID: 1717174289941474}
  m_LocalRotation: {x: 0, y: 0, z: 0, w: 1}
  m_LocalPosition: {x: 0, y: 0, z: 0}
  m_LocalScale: {x: 1, y: 1, z: 1}
  m_Children: []
  m_Father: {fileID: 0}
  m_RootOrder: 0
--- !u!114 &114745466488949743
MonoBehaviour:
  m_ObjectHideFlags: 0
  m_PrefabParentObject: {fileID: 0}
  m_PrefabInternal: {fileID: 100100000}
  m_GameObject: {fileID: 1717174289941474}
  m_Enabled: 1
  m_EditorHideFlags: 0
  m_Script: {fileID: 11500000, guid: 03f7db9a480b403690a4a83220213122, type: 3}
  m_Name:
  m_EditorClassIdentifier:
  material: {fileID: 2100000, guid: 544bc7a1e33da7647a611aec7daa0e84, type: 2}
  mSprites:
  - name: dem_line03
    x: 256
    y: 27
    width: 153
    height: 27
    borderLeft: 0
    borderRight: 0
    borderTop: 0
    borderBottom: 0
    paddingLeft: 0
    paddingRight: 0
    paddingTop: 0
    paddingBottom: 0
  - name: dem_line03b
    x: 256
    y: 0
    width: 153
    height: 27
    borderLeft: 0
    borderRight: 0
    borderTop: 0
    borderBottom: 0
    paddingLeft: 0
    paddingRight: 0
    paddingTop: 0
    paddingBottom: 0
  - name: dem_particle13
    x: 409
    y: 0
    width: 36
    height: 36
    borderLeft: 0
    borderRight: 0
    borderTop: 0
    borderBottom: 0
    paddingLeft: 0
    paddingRight: 0
    paddingTop: 0
    paddingBottom: 0
  - name: MeteorNight
    x: 0
    y: 0
    width: 256
    height: 256
    borderLeft: 0
    borderRight: 0
    borderTop: 0
    borderBottom: 0
    paddingLeft: 0
    paddingRight: 0
    paddingTop: 0
    paddingBottom: 0
  mPixelSize: 1
  mReplacement: {fileID: 0}
  mCoordinates: 0
  sprites: []
--- !u!114 &114138818438560980
MonoBehaviour:
  m_ObjectHideFlags: 0
  m_PrefabParentObject: {fileID: 0}
  m_PrefabInternal: {fileID: 100100000}
  m_GameObject: {fileID: 1717174289941474}
  m_Enabled: 1
  m_EditorHideFlags: 0
  m_Script: {fileID: 11500000, guid: ea1ae8f593f67d0f425b86eaea58942f, type: 3}
  m_Name:
  m_EditorClassIdentifier:
