%YAML 1.1
%TAG !u! tag:unity3d.com,2011:
--- !u!1001 &100100000
Prefab:
  serializedVersion: 2
  m_ObjectHideFlags: 1
  m_Modification:
    m_TransformParent: {fileID: 0}
    m_Modifications: []
    m_RemovedComponents: []
  m_ParentPrefab: {fileID: 0}
  m_RootGameObject: {fileID: 1976631314373593}
  m_IsPrefabParent: 1
--- !u!1 &1976631314373593
GameObject:
  serializedVersion: 4
  m_ObjectHideFlags: 0
  m_PrefabParentObject: {fileID: 0}
  m_PrefabInternal: {fileID: 100100000}
  m_Component:
  - 4: {fileID: 4707943551633917}
  - 114: {fileID: 114421230930794446}
  - 114: {fileID: 114333668230344566}
  m_Layer: 0
  m_Name: DailyChallengeAtlas
  m_TagString: Untagged
  m_Icon: {fileID: 0}
  m_NavMeshLayer: 0
  m_StaticEditorFlags: 0
  m_IsActive: 1
--- !u!4 &4707943551633917
Transform:
  m_ObjectHideFlags: 0
  m_PrefabParentObject: {fileID: 0}
  m_PrefabInternal: {fileID: 100100000}
  m_GameObject: {fileID: 1976631314373593}
  m_LocalRotation: {x: 0, y: 0, z: 0, w: 1}
  m_LocalPosition: {x: 0, y: 0, z: 0}
  m_LocalScale: {x: 1, y: 1, z: 1}
  m_Children: []
  m_Father: {fileID: 0}
  m_RootOrder: 0
--- !u!114 &114421230930794446
MonoBehaviour:
  m_ObjectHideFlags: 0
  m_PrefabParentObject: {fileID: 0}
  m_PrefabInternal: {fileID: 100100000}
  m_GameObject: {fileID: 1976631314373593}
  m_Enabled: 1
  m_EditorHideFlags: 0
  m_Script: {fileID: 11500000, guid: 03f7db9a480b403690a4a83220213122, type: 3}
  m_Name:
  m_EditorClassIdentifier:
  material: {fileID: 2100000, guid: 7a2fc62a9d03ffd4ba8429c77931567e, type: 2}
  mSprites:
  - name: adv_itembox_flash1
    x: 408
    y: 602
    width: 100
    height: 100
    borderLeft: 0
    borderRight: 0
    borderTop: 0
    borderBottom: 0
    paddingLeft: 0
    paddingRight: 0
    paddingTop: 0
    paddingBottom: 0
  - name: adv_itembox_flash2
    x: 458
    y: 333
    width: 50
    height: 50
    borderLeft: 0
    borderRight: 0
    borderTop: 0
    borderBottom: 0
    paddingLeft: 0
    paddingRight: 0
    paddingTop: 0
    paddingBottom: 0
  - name: btn_banner02
    x: 458
    y: 384
    width: 49
    height: 60
    borderLeft: 0
    borderRight: 0
    borderTop: 0
    borderBottom: 0
    paddingLeft: 0
    paddingRight: 0
    paddingTop: 0
    paddingBottom: 0
  - name: daily_button_icon00
    x: 458
    y: 445
    width: 48
    height: 47
    borderLeft: 0
    borderRight: 0
    borderTop: 0
    borderBottom: 0
    paddingLeft: 0
    paddingRight: 0
    paddingTop: 0
    paddingBottom: 0
  - name: daily_button_icon01
    x: 457
    y: 493
    width: 48
    height: 47
    borderLeft: 0
    borderRight: 0
    borderTop: 0
    borderBottom: 0
    paddingLeft: 0
    paddingRight: 0
    paddingTop: 0
    paddingBottom: 0
  - name: daily_button00
    x: 131
    y: 637
    width: 121
    height: 136
    borderLeft: 0
    borderRight: 0
    borderTop: 0
    borderBottom: 0
    paddingLeft: 0
    paddingRight: 0
    paddingTop: 0
    paddingBottom: 0
  - name: daily_button01
    x: 1
    y: 702
    width: 121
    height: 136
    borderLeft: 0
    borderRight: 0
    borderTop: 0
    borderBottom: 0
    paddingLeft: 0
    paddingRight: 0
    paddingTop: 0
    paddingBottom: 0
  - name: daily_chara00
    x: 148
    y: 459
    width: 129
    height: 177
    borderLeft: 0
    borderRight: 0
    borderTop: 0
    borderBottom: 0
    paddingLeft: 0
    paddingRight: 0
    paddingTop: 0
    paddingBottom: 0
  - name: daily_howto00
    x: 1
    y: 1
    width: 500
    height: 112
    borderLeft: 0
    borderRight: 0
    borderTop: 0
    borderBottom: 0
    paddingLeft: 0
    paddingRight: 0
    paddingTop: 0
    paddingBottom: 0
  - name: daily_howto01
    x: 1
    y: 114
    width: 500
    height: 112
    borderLeft: 0
    borderRight: 0
    borderTop: 0
    borderBottom: 0
    paddingLeft: 0
    paddingRight: 0
    paddingTop: 0
    paddingBottom: 0
  - name: daily_lock
    x: 421
    y: 428
    width: 36
    height: 42
    borderLeft: 0
    borderRight: 0
    borderTop: 0
    borderBottom: 0
    paddingLeft: 0
    paddingRight: 0
    paddingTop: 0
    paddingBottom: 0
  - name: daily_no
    x: 314
    y: 227
    width: 153
    height: 55
    borderLeft: 0
    borderRight: 0
    borderTop: 0
    borderBottom: 0
    paddingLeft: 0
    paddingRight: 0
    paddingTop: 0
    paddingBottom: 0
  - name: daily_num1
    x: 468
    y: 227
    width: 40
    height: 52
    borderLeft: 0
    borderRight: 0
    borderTop: 0
    borderBottom: 0
    paddingLeft: 0
    paddingRight: 0
    paddingTop: 0
    paddingBottom: 0
  - name: daily_num2
    x: 468
    y: 280
    width: 40
    height: 52
    borderLeft: 0
    borderRight: 0
    borderTop: 0
    borderBottom: 0
    paddingLeft: 0
    paddingRight: 0
    paddingTop: 0
    paddingBottom: 0
  - name: daily_num3
    x: 358
    y: 699
    width: 40
    height: 52
    borderLeft: 0
    borderRight: 0
    borderTop: 0
    borderBottom: 0
    paddingLeft: 0
    paddingRight: 0
    paddingTop: 0
    paddingBottom: 0
  - name: daily_num4
    x: 399
    y: 725
    width: 40
    height: 52
    borderLeft: 0
    borderRight: 0
    borderTop: 0
    borderBottom: 0
    paddingLeft: 0
    paddingRight: 0
    paddingTop: 0
    paddingBottom: 0
  - name: daily_num5
    x: 358
    y: 752
    width: 40
    height: 52
    borderLeft: 0
    borderRight: 0
    borderTop: 0
    borderBottom: 0
    paddingLeft: 0
    paddingRight: 0
    paddingTop: 0
    paddingBottom: 0
  - name: daily_panel00
    x: 149
    y: 282
    width: 146
    height: 144
    borderLeft: 70
    borderRight: 70
    borderTop: 70
    borderBottom: 70
    paddingLeft: 0
    paddingRight: 0
    paddingTop: 0
    paddingBottom: 0
  - name: daily_panel01
    x: 311
    y: 283
    width: 146
    height: 144
    borderLeft: 70
    borderRight: 70
    borderTop: 70
    borderBottom: 70
    paddingLeft: 0
    paddingRight: 0
    paddingTop: 0
    paddingBottom: 0
  - name: daily_panel02
    x: 1
    y: 427
    width: 146
    height: 144
    borderLeft: 70
    borderRight: 70
    borderTop: 70
    borderBottom: 70
    paddingLeft: 0
    paddingRight: 0
    paddingTop: 0
    paddingBottom: 0
  - name: daily_remove_panel00
    x: 253
    y: 653
    width: 117
    height: 45
    borderLeft: 0
    borderRight: 0
    borderTop: 0
    borderBottom: 0
    paddingLeft: 0
    paddingRight: 0
    paddingTop: 0
    paddingBottom: 0
  - name: daily_remove_panel01
    x: 1
    y: 282
    width: 147
    height: 144
    borderLeft: 0
    borderRight: 0
    borderTop: 0
    borderBottom: 0
    paddingLeft: 0
    paddingRight: 0
    paddingTop: 0
    paddingBottom: 0
  - name: daily_remove_presentbox00
    x: 278
    y: 523
    width: 129
    height: 129
    borderLeft: 0
    borderRight: 0
    borderTop: 0
    borderBottom: 0
    paddingLeft: 0
    paddingRight: 0
    paddingTop: 0
    paddingBottom: 0
  - name: daily_remove_presentbox01
    x: 1
    y: 572
    width: 129
    height: 129
    borderLeft: 0
    borderRight: 0
    borderTop: 0
    borderBottom: 0
    paddingLeft: 0
    paddingRight: 0
    paddingTop: 0
    paddingBottom: 0
  - name: daily_route
    x: 296
    y: 297
    width: 10
    height: 10
    borderLeft: 2
    borderRight: 2
    borderTop: 2
    borderBottom: 2
    paddingLeft: 0
    paddingRight: 0
    paddingTop: 0
    paddingBottom: 0
  - name: daily_total
    x: 148
    y: 427
    width: 141
    height: 31
    borderLeft: 70
    borderRight: 70
    borderTop: 0
    borderBottom: 0
    paddingLeft: 0
    paddingRight: 0
    paddingTop: 0
    paddingBottom: 0
  - name: efc_ribbon_shine00
    x: 408
    y: 541
    width: 103
    height: 60
    borderLeft: 0
    borderRight: 0
    borderTop: 0
    borderBottom: 0
    paddingLeft: 0
    paddingRight: 0
    paddingTop: 0
    paddingBottom: 0
  - name: event_load_dot
    x: 296
    y: 282
    width: 14
    height: 14
    borderLeft: 0
    borderRight: 0
    borderTop: 0
    borderBottom: 0
    paddingLeft: 0
    paddingRight: 0
    paddingTop: 0
    paddingBottom: 0
  - name: LC_daily_button02
    x: 399
    y: 703
    width: 72
    height: 21
    borderLeft: 0
    borderRight: 0
    borderTop: 0
    borderBottom: 0
    paddingLeft: 0
    paddingRight: 0
    paddingTop: 0
    paddingBottom: 0
  - name: LC_daily_title
    x: 1
    y: 227
    width: 312
    height: 54
    borderLeft: 0
    borderRight: 0
    borderTop: 0
    borderBottom: 0
    paddingLeft: 0
    paddingRight: 0
    paddingTop: 0
    paddingBottom: 0
  - name: lock00
    x: 421
    y: 501
    width: 22
    height: 30
    borderLeft: 0
    borderRight: 0
    borderTop: 0
    borderBottom: 0
    paddingLeft: 0
    paddingRight: 0
    paddingTop: 0
    paddingBottom: 0
  - name: lock01
    x: 421
    y: 471
    width: 35
    height: 29
    borderLeft: 0
    borderRight: 0
    borderTop: 0
    borderBottom: 0
    paddingLeft: 0
    paddingRight: 0
    paddingTop: 0
    paddingBottom: 0
  - name: login_clearstamp
    x: 253
    y: 699
    width: 104
    height: 103
    borderLeft: 0
    borderRight: 0
    borderTop: 0
    borderBottom: 0
    paddingLeft: 0
    paddingRight: 0
    paddingTop: 0
    paddingBottom: 0
  - name: null
    x: 502
    y: 1
    width: 1
    height: 1
    borderLeft: 0
    borderRight: 0
    borderTop: 0
    borderBottom: 0
    paddingLeft: 0
    paddingRight: 0
    paddingTop: 0
    paddingBottom: 0
  - name: stage_remove
    x: 290
    y: 428
    width: 130
    height: 94
    borderLeft: 0
    borderRight: 0
    borderTop: 0
    borderBottom: 0
    paddingLeft: 0
    paddingRight: 0
    paddingTop: 0
    paddingBottom: 0
  mPixelSize: 1
  mReplacement: {fileID: 0}
  mCoordinates: 0
  sprites: []
--- !u!114 &114333668230344566
MonoBehaviour:
  m_ObjectHideFlags: 0
  m_PrefabParentObject: {fileID: 0}
  m_PrefabInternal: {fileID: 100100000}
  m_GameObject: {fileID: 1976631314373593}
  m_Enabled: 1
  m_EditorHideFlags: 0
  m_Script: {fileID: 11500000, guid: ea1ae8f593f67d0f425b86eaea58942f, type: 3}
  m_Name:
  m_EditorClassIdentifier:
