%YAML 1.1
%TAG !u! tag:unity3d.com,2011:
--- !u!1001 &100100000
Prefab:
  serializedVersion: 2
  m_ObjectHideFlags: 1
  m_Modification:
    m_TransformParent: {fileID: 0}
    m_Modifications: []
    m_RemovedComponents: []
  m_ParentPrefab: {fileID: 0}
  m_RootGameObject: {fileID: 1793901247520312}
  m_IsPrefabParent: 1
--- !u!1 &1793901247520312
GameObject:
  serializedVersion: 4
  m_ObjectHideFlags: 0
  m_PrefabParentObject: {fileID: 0}
  m_PrefabInternal: {fileID: 100100000}
  m_Component:
  - 4: {fileID: 4206632520563522}
  - 114: {fileID: 114519748825626800}
  - 114: {fileID: 114945944354536134}
  m_Layer: 0
  m_Name: SS_Map01Atlas
  m_TagString: Untagged
  m_Icon: {fileID: 0}
  m_NavMeshLayer: 0
  m_StaticEditorFlags: 0
  m_IsActive: 1
--- !u!4 &4206632520563522
Transform:
  m_ObjectHideFlags: 0
  m_PrefabParentObject: {fileID: 0}
  m_PrefabInternal: {fileID: 100100000}
  m_GameObject: {fileID: 1793901247520312}
  m_LocalRotation: {x: 0, y: 0, z: 0, w: 1}
  m_LocalPosition: {x: 0, y: 0, z: 0}
  m_LocalScale: {x: 1, y: 1, z: 1}
  m_Children: []
  m_Father: {fileID: 0}
  m_RootOrder: 0
--- !u!114 &114519748825626800
MonoBehaviour:
  m_ObjectHideFlags: 0
  m_PrefabParentObject: {fileID: 0}
  m_PrefabInternal: {fileID: 100100000}
  m_GameObject: {fileID: 1793901247520312}
  m_Enabled: 1
  m_EditorHideFlags: 0
  m_Script: {fileID: 11500000, guid: 03f7db9a480b403690a4a83220213122, type: 3}
  m_Name:
  m_EditorClassIdentifier:
  material: {fileID: 2100000, guid: c2e2498950af73f41a94bf095f2deca6, type: 2}
  mSprites:
  - name: btn_stage_traverse
    x: 796
    y: 1946
    width: 80
    height: 80
    borderLeft: 0
    borderRight: 0
    borderTop: 0
    borderBottom: 0
    paddingLeft: 0
    paddingRight: 0
    paddingTop: 0
    paddingBottom: 0
  - name: char_SSelios
    x: 1943
    y: 1766
    width: 60
    height: 110
    borderLeft: 0
    borderRight: 0
    borderTop: 0
    borderBottom: 0
    paddingLeft: 0
    paddingRight: 0
    paddingTop: 0
    paddingBottom: 0
  - name: char_SStibiusa
    x: 1737
    y: 1766
    width: 90
    height: 110
    borderLeft: 0
    borderRight: 0
    borderTop: 0
    borderBottom: 0
    paddingLeft: 0
    paddingRight: 0
    paddingTop: 0
    paddingBottom: 0
  - name: goko
    x: 1737
    y: 1884
    width: 94
    height: 93
    borderLeft: 0
    borderRight: 0
    borderTop: 0
    borderBottom: 0
    paddingLeft: 0
    paddingRight: 0
    paddingTop: 0
    paddingBottom: 0
  - name: normal_map_01
    x: 8
    y: 8
    width: 651
    height: 871
    borderLeft: 0
    borderRight: 0
    borderTop: 0
    borderBottom: 0
    paddingLeft: 0
    paddingRight: 0
    paddingTop: 0
    paddingBottom: 0
  - name: normal_map_02
    x: 8
    y: 887
    width: 651
    height: 871
    borderLeft: 0
    borderRight: 0
    borderTop: 0
    borderBottom: 0
    paddingLeft: 0
    paddingRight: 0
    paddingTop: 0
    paddingBottom: 0
  - name: normal_map_03
    x: 667
    y: 8
    width: 651
    height: 871
    borderLeft: 0
    borderRight: 0
    borderTop: 0
    borderBottom: 0
    paddingLeft: 0
    paddingRight: 0
    paddingTop: 0
    paddingBottom: 0
  - name: normal_map_04
    x: 667
    y: 887
    width: 651
    height: 871
    borderLeft: 0
    borderRight: 0
    borderTop: 0
    borderBottom: 0
    paddingLeft: 0
    paddingRight: 0
    paddingTop: 0
    paddingBottom: 0
  - name: normal_map_05
    x: 1326
    y: 8
    width: 651
    height: 871
    borderLeft: 0
    borderRight: 0
    borderTop: 0
    borderBottom: 0
    paddingLeft: 0
    paddingRight: 0
    paddingTop: 0
    paddingBottom: 0
  - name: normal_map_06
    x: 1326
    y: 887
    width: 651
    height: 871
    borderLeft: 0
    borderRight: 0
    borderTop: 0
    borderBottom: 0
    paddingLeft: 0
    paddingRight: 0
    paddingTop: 0
    paddingBottom: 0
  - name: obj_circuslight
    x: 796
    y: 1766
    width: 176
    height: 172
    borderLeft: 0
    borderRight: 0
    borderTop: 0
    borderBottom: 0
    paddingLeft: 0
    paddingRight: 0
    paddingTop: 0
    paddingBottom: 0
  - name: obj_forestlight00
    x: 452
    y: 1766
    width: 165
    height: 235
    borderLeft: 0
    borderRight: 0
    borderTop: 0
    borderBottom: 0
    paddingLeft: 0
    paddingRight: 0
    paddingTop: 0
    paddingBottom: 0
  - name: obj_forestlight01
    x: 1141
    y: 1766
    width: 147
    height: 163
    borderLeft: 0
    borderRight: 0
    borderTop: 0
    borderBottom: 0
    paddingLeft: 0
    paddingRight: 0
    paddingTop: 0
    paddingBottom: 0
  - name: obj_forestlight02
    x: 8
    y: 1766
    width: 234
    height: 221
    borderLeft: 0
    borderRight: 0
    borderTop: 0
    borderBottom: 0
    paddingLeft: 0
    paddingRight: 0
    paddingTop: 0
    paddingBottom: 0
  - name: obj_forestlight03
    x: 1603
    y: 1998
    width: 20
    height: 19
    borderLeft: 0
    borderRight: 0
    borderTop: 0
    borderBottom: 0
    paddingLeft: 0
    paddingRight: 0
    paddingTop: 0
    paddingBottom: 0
  - name: obj_hato00
    x: 1570
    y: 1998
    width: 25
    height: 42
    borderLeft: 0
    borderRight: 0
    borderTop: 0
    borderBottom: 0
    paddingLeft: 0
    paddingRight: 0
    paddingTop: 0
    paddingBottom: 0
  - name: obj_hato01
    x: 8
    y: 1995
    width: 51
    height: 41
    borderLeft: 0
    borderRight: 0
    borderTop: 0
    borderBottom: 0
    paddingLeft: 0
    paddingRight: 0
    paddingTop: 0
    paddingBottom: 0
  - name: obj_mirror
    x: 1662
    y: 1766
    width: 67
    height: 158
    borderLeft: 0
    borderRight: 0
    borderTop: 0
    borderBottom: 0
    paddingLeft: 0
    paddingRight: 0
    paddingTop: 0
    paddingBottom: 0
  - name: obj_rain00
    x: 1985
    y: 286
    width: 4
    height: 100
    borderLeft: 0
    borderRight: 0
    borderTop: 0
    borderBottom: 0
    paddingLeft: 0
    paddingRight: 0
    paddingTop: 0
    paddingBottom: 0
  - name: obj_rainlight
    x: 1088
    y: 1935
    width: 26
    height: 26
    borderLeft: 0
    borderRight: 0
    borderTop: 0
    borderBottom: 0
    paddingLeft: 0
    paddingRight: 0
    paddingTop: 0
    paddingBottom: 0
  - name: obj_shcoollight00
    x: 1296
    y: 1924
    width: 100
    height: 99
    borderLeft: 0
    borderRight: 0
    borderTop: 0
    borderBottom: 0
    paddingLeft: 0
    paddingRight: 0
    paddingTop: 0
    paddingBottom: 0
  - name: obj_shcoollight01
    x: 1835
    y: 1766
    width: 100
    height: 100
    borderLeft: 0
    borderRight: 0
    borderTop: 0
    borderBottom: 0
    paddingLeft: 0
    paddingRight: 0
    paddingTop: 0
    paddingBottom: 0
  - name: obj_shcoollight02
    x: 980
    y: 1935
    width: 100
    height: 99
    borderLeft: 0
    borderRight: 0
    borderTop: 0
    borderBottom: 0
    paddingLeft: 0
    paddingRight: 0
    paddingTop: 0
    paddingBottom: 0
  - name: obj_shcoollight03
    x: 1940
    y: 1884
    width: 100
    height: 100
    borderLeft: 0
    borderRight: 0
    borderTop: 0
    borderBottom: 0
    paddingLeft: 0
    paddingRight: 0
    paddingTop: 0
    paddingBottom: 0
  - name: obj_shcoollight04
    x: 1997
    y: 347
    width: 25
    height: 30
    borderLeft: 0
    borderRight: 0
    borderTop: 0
    borderBottom: 0
    paddingLeft: 0
    paddingRight: 0
    paddingTop: 0
    paddingBottom: 0
  - name: obj_SSaurora00
    x: 980
    y: 1766
    width: 153
    height: 161
    borderLeft: 0
    borderRight: 0
    borderTop: 0
    borderBottom: 0
    paddingLeft: 0
    paddingRight: 0
    paddingTop: 0
    paddingBottom: 0
  - name: obj_SSaurora01
    x: 625
    y: 1766
    width: 163
    height: 207
    borderLeft: 0
    borderRight: 0
    borderTop: 0
    borderBottom: 0
    paddingLeft: 0
    paddingRight: 0
    paddingTop: 0
    paddingBottom: 0
  - name: obj_SSaurora02
    x: 1454
    y: 1766
    width: 108
    height: 262
    borderLeft: 0
    borderRight: 0
    borderTop: 0
    borderBottom: 0
    paddingLeft: 0
    paddingRight: 0
    paddingTop: 0
    paddingBottom: 0
  - name: obj_SSaurora03
    x: 1570
    y: 1766
    width: 84
    height: 224
    borderLeft: 0
    borderRight: 0
    borderTop: 0
    borderBottom: 0
    paddingLeft: 0
    paddingRight: 0
    paddingTop: 0
    paddingBottom: 0
  - name: obj_SSlight00
    x: 1296
    y: 1766
    width: 150
    height: 150
    borderLeft: 0
    borderRight: 0
    borderTop: 0
    borderBottom: 0
    paddingLeft: 0
    paddingRight: 0
    paddingTop: 0
    paddingBottom: 0
  - name: obj_SSmlight
    x: 1985
    y: 145
    width: 55
    height: 55
    borderLeft: 0
    borderRight: 0
    borderTop: 0
    borderBottom: 0
    paddingLeft: 0
    paddingRight: 0
    paddingTop: 0
    paddingBottom: 0
  - name: obj_SSmoon
    x: 250
    y: 1766
    width: 194
    height: 200
    borderLeft: 0
    borderRight: 0
    borderTop: 0
    borderBottom: 0
    paddingLeft: 0
    paddingRight: 0
    paddingTop: 0
    paddingBottom: 0
  - name: obj_SSstone00
    x: 1985
    y: 8
    width: 49
    height: 129
    borderLeft: 0
    borderRight: 0
    borderTop: 0
    borderBottom: 0
    paddingLeft: 0
    paddingRight: 0
    paddingTop: 0
    paddingBottom: 0
  - name: obj_SSstone01
    x: 1839
    y: 1874
    width: 93
    height: 82
    borderLeft: 0
    borderRight: 0
    borderTop: 0
    borderBottom: 0
    paddingLeft: 0
    paddingRight: 0
    paddingTop: 0
    paddingBottom: 0
  - name: obj_SSstone02
    x: 625
    y: 1981
    width: 45
    height: 59
    borderLeft: 0
    borderRight: 0
    borderTop: 0
    borderBottom: 0
    paddingLeft: 0
    paddingRight: 0
    paddingTop: 0
    paddingBottom: 0
  - name: obj_SSstone03
    x: 1404
    y: 1924
    width: 34
    height: 61
    borderLeft: 0
    borderRight: 0
    borderTop: 0
    borderBottom: 0
    paddingLeft: 0
    paddingRight: 0
    paddingTop: 0
    paddingBottom: 0
  - name: obj_SSstone04
    x: 678
    y: 1981
    width: 29
    height: 54
    borderLeft: 0
    borderRight: 0
    borderTop: 0
    borderBottom: 0
    paddingLeft: 0
    paddingRight: 0
    paddingTop: 0
    paddingBottom: 0
  - name: obj_SSstone05
    x: 1985
    y: 208
    width: 51
    height: 70
    borderLeft: 0
    borderRight: 0
    borderTop: 0
    borderBottom: 0
    paddingLeft: 0
    paddingRight: 0
    paddingTop: 0
    paddingBottom: 0
  - name: obj_SSstone06
    x: 1662
    y: 1932
    width: 37
    height: 48
    borderLeft: 0
    borderRight: 0
    borderTop: 0
    borderBottom: 0
    paddingLeft: 0
    paddingRight: 0
    paddingTop: 0
    paddingBottom: 0
  - name: obj_SSstone07
    x: 1404
    y: 1993
    width: 33
    height: 47
    borderLeft: 0
    borderRight: 0
    borderTop: 0
    borderBottom: 0
    paddingLeft: 0
    paddingRight: 0
    paddingTop: 0
    paddingBottom: 0
  - name: obj_SSsuzumeA
    x: 884
    y: 1946
    width: 73
    height: 63
    borderLeft: 0
    borderRight: 0
    borderTop: 0
    borderBottom: 0
    paddingLeft: 0
    paddingRight: 0
    paddingTop: 0
    paddingBottom: 0
  - name: obj_SSsuzumeB
    x: 250
    y: 1974
    width: 73
    height: 63
    borderLeft: 0
    borderRight: 0
    borderTop: 0
    borderBottom: 0
    paddingLeft: 0
    paddingRight: 0
    paddingTop: 0
    paddingBottom: 0
  - name: obj_starshine
    x: 1997
    y: 286
    width: 43
    height: 53
    borderLeft: 0
    borderRight: 0
    borderTop: 0
    borderBottom: 0
    paddingLeft: 0
    paddingRight: 0
    paddingTop: 0
    paddingBottom: 0
  - name: pointer
    x: 1445
    y: 1993
    width: 1
    height: 1
    borderLeft: 0
    borderRight: 0
    borderTop: 0
    borderBottom: 0
    paddingLeft: 0
    paddingRight: 0
    paddingTop: 0
    paddingBottom: 0
  mPixelSize: 1
  mReplacement: {fileID: 0}
  mCoordinates: 0
  sprites: []
--- !u!114 &114945944354536134
MonoBehaviour:
  m_ObjectHideFlags: 0
  m_PrefabParentObject: {fileID: 0}
  m_PrefabInternal: {fileID: 100100000}
  m_GameObject: {fileID: 1793901247520312}
  m_Enabled: 1
  m_EditorHideFlags: 0
  m_Script: {fileID: 11500000, guid: ea1ae8f593f67d0f425b86eaea58942f, type: 3}
  m_Name:
  m_EditorClassIdentifier:
